@misc{IDCStatic,
title = {Smartphone OS Market Share, 2015 Q2},
author = {IDC Research Inc.},
howpublished = {\url{http://www.idc.com/prodserv/smartphone-os-market-share.jsp#}}
}

@misc{StatistaStatic,
title = {Android Version Market Share 2015},
author = {Statista Inc.},
howpublished = {\url{http://www.statista.com/statistics/271774/share-of-android-platforms-on-mobile-devices-with-android-os/}}
}
@misc{androidbt,
howpublished = {\url{http://developer.android.com/guide/topics/connectivity/bluetooth.html}},
title = {Bluetooth|Android Developers},
author = {Google Inc.},
}

@INPROCEEDINGS{chudacek, 
author={V. Chudáček and L. Zach and J. Kužílek and J. Spilka and L. Lhotská}, 
booktitle={Computing in Cardiology, 2011}, 
title={Simple scoring system for ECG quality assessment on Android platform}, 
year={2011}, 
pages={449-451}, 
keywords={electrocardiography;medical signal processing;mobile computing;public domain software;Android platform;ECG quality assessment;PhysioNet/CinC Challenge 2011;automated method;distortion detection;if-then rules;medical application;mobile phone;open-source code;scoring system;swift code;Biomedical measurements;Electrocardiography;Lead;Mobile handsets;Testing;Training;Training data}, 
ISSN={0276-6547}, 
month={Sept},}

@INPROCEEDINGS{xiaojintang, 
author={Xiaojing Tang and Chao Hu and Weixing Lin}, 
booktitle={Information and Automation, 2015 IEEE International Conference on}, 
title={Android Bluetooth multi-source signal acquisition for multi-parameter health monitoring devices}, 
year={2015}, 
pages={1790-1794}, 
keywords={Android (operating system);Bluetooth;Internet;health care;patient diagnosis;physiology;signal detection;smart phones;Android Bluetooth multisource signal acquisition;Android smart phone system;ECG;Web server;biochemical parameters;blood pressure;blood sugar;body temperature;health analysis;health diagnosis;heart rate;human multiphysiological parameters;multiparameter health monitoring devices;portable physical health monitoring system;Biomedical monitoring;Bluetooth;Message systems;Monitoring;Servers;Smart phones;Sockets;Android;Bluetooth;Health-Monitoring;Multi-Source Signals}, 
doi={10.1109/ICInfA.2015.7279577}, 
month={Aug},}

@article{dongdonglou,
title = "A Wireless Health Monitoring System based on Android Operating System ",
journal = "\{IERI\} Procedia ",
volume = "4",
number = "",
pages = "208 - 215",
year = "2013",
note = "2013 International Conference on Electronic Engineering and Computer Science (EECS 2013) ",
issn = "2212-6678",
doi = "http://dx.doi.org/10.1016/j.ieri.2013.11.030",
url = "http://www.sciencedirect.com/science/article/pii/S2212667813000336",
author = "Dongdong Lou and Xianxiang Chen and Zhan Zhao and Yundong Xuan and Zhihong Xu and Huan Jin and Xingzu Guo and Zhen Fang",
keywords = "Mobile health system",
keywords = "Android",
keywords = "Bluetooth",
keywords = "physiological parameters "
}

@INPROCEEDINGS{julien, 
author={J. Oster and J. Behar and R. Colloca and Qichen Li and Qiao Li and G. D. Clifford}, 
booktitle={Computing in Cardiology Conference (CinC), 2013}, 
title={Open source Java-based ECG analysis software and Android app for Atrial Fibrillation screening}, 
year={2013}, 
pages={731-734}, 
keywords={Android (operating system);Java;electrocardiography;health care;ECG processing;Java based Android application;advanced electrocardiogram;atrial fibrillation screening;healthcare;mHealth applications;open source Java based ECG analysis software;public databases;signal quality analysis;Abstracts;Detectors}, 
ISSN={2325-8861}, 
month={Sept},}

@article{xiaoqiangguo,
title={An ECG Monitoring and Alarming System Based On Android Smart Phone},
author={Xiaoqiang Guo and Xiaohui Duan and Hongqiao Gao and Anpeng Huang and Bingli Jiao},
journal={Communications and Network},
volume={05},
year={2013}}

@mastersthesis{moreno,
title={An Android hosted Bluetooth ECG monitoring device},
author={Marco Antonio Moreno},
year={2012},
school={University of Texas at Austin}}
    
@INPROCEEDINGS{classification, 
author={U. Satija and B. Ramkumar and M. S. Manikandan}, 
booktitle={Signal Processing and Integrated Networks (SPIN), 2015 2nd International Conference on}, 
title={A simple method for detection and classification of ECG noises for wearable ECG monitoring devices}, 
year={2015}, 
pages={164-169}, 
keywords={body sensor networks;decision trees;electrocardiography;feature extraction;filtering theory;medical signal detection;muscle;signal classification;signal denoising;ABC noise;BW noise;ECG noise classification;ECG noise detection;HF noise;PLI noise;abrupt change artifacts;ambulatory ECG signal analysis applications;amplitude-dependent decision rule;autocorrelation maximum peak feature extraction;baseline wander;blocking algorithm;electrocardiogram signal quality assessment;first decision stage;high-frequency noise;local autocorrelation maximum peak feature;local dynamic amplitude range feature;low-frequency noise;moving average filter;multistage decision-tree algorithm;muscle artifacts;muscle noise;power line interference;second decision stage;wearable ECG monitoring devices;Correlation;Electrocardiography;Feature extraction;Low-frequency noise;Muscles;Noise measurement}, 
doi={10.1109/SPIN.2015.7095425}, 
month={Feb},}

@book{Diag,
author = {，万学红,卢雪峰},
title = {诊断学(第八版)},
publisher = {人民卫生出版社},
year = {2013},
month = {3},
}