@ARTICLE{cit1, 
author={A. Pantelopoulos and N. G. Bourbakis}, 
journal={IEEE Transactions on Systems, Man, and Cybernetics, Part C (Applications and Reviews)}, 
title={A Survey on Wearable Sensor-Based Systems for Health Monitoring and Prognosis}, 
year={2010}, 
volume={40}, 
number={1}, 
pages={1-12}, 
keywords={biosensors;body area networks;medical diagnostic computing;patient diagnosis;patient monitoring;ubiquitous computing;wearable computers;microelectronics;miniature biosensing devices;multiparameter physiological sensing system design;patient health monitoring;patient health prognosis;physiological sensors;proactive personal health management;real-time decision support;smart textiles;ubiquitous monitoring;wearable biosensor systems;wearable sensor-based systems;wireless communications;Biomedical monitoring;Biosensors;Costs;Medical services;Microelectronics;Patient monitoring;Propulsion;Technology management;Textile technology;Wireless communication;Biosensor;body area networks;health-monitoring;wearable systems}, 
doi={10.1109/TSMCC.2009.2032660}, 
ISSN={1094-6977}, 
month={Jan},}

@ARTICLE{cit2, 
author={S. Movassaghi and M. Abolhasan and J. Lipman and D. Smith and A. Jamalipour}, 
journal={IEEE Communications Surveys Tutorials}, 
title={Wireless Body Area Networks: A Survey}, 
year={2014}, 
volume={16}, 
number={3}, 
pages={1658-1686}, 
keywords={Zigbee;access protocols;body area networks;body sensor networks;micromechanical devices;patient monitoring;telecommunication network reliability;telecommunication network routing;IEEE 802.15.4j standard;IEEE 802.15.6 standard;MEMS technology;communication reliability;integrated circuits;intelligent sensor nodes;invasive micro sensor nodes;low-power sensor nodes;medical WBAN;medium access control;microelectromechanical systems technology;miniaturized sensor nodes;nanotechnology sensor nodes;noninvasive micro sensor nodes;personal health monitoring;wireless body area networks;wireless communication;Biomedical monitoring;IEEE 802.15 Standards;Medical services;Monitoring;Wireless communication;Wireless sensor networks;IEEE 802.15.6;Medium access control;Physical Layer;Routing;Wireless Body Area Networks;Wireless Sensor Networks}, 
doi={10.1109/SURV.2013.121313.00064}, 
ISSN={1553-877X}, 
month={Third},}



